%%
%% lab01.bib
%%

@book{clrs,
  title={Introduction to algorithms},
  author={Cormen, Thomas H and Leiserson, Charles E and Rivest, Ronald L and Stein, Clifford},
  year={2022},
  publisher={MIT press},
  isbn      = {978-0-262-04630-5},
  ee        = {https://mitpress.mit.edu/9780262046305/introduction-to-algorithms/}
}